<record xmlns='http://www.loc.gov/MARC21/slim'><leader>01895ntm a2200313Ii 4500</leader><controlfield tag='001'>991058301963506011</controlfield><controlfield tag='005'>20220506125703.0</controlfield><controlfield tag='008'>220506s1646    enk           000 0 eng d</controlfield><datafield ind1=' ' ind2=' ' tag='035'><subfield code='a'>(OCoLC)1314385841h</subfield></datafield><datafield ind1=' ' ind2=' ' tag='035'><subfield code='a'>(OCoLC)on1314385841h</subfield></datafield><datafield ind1=' ' ind2=' ' tag='040'><subfield code='a'>HRH</subfield><subfield code='b'>eng</subfield><subfield code='e'>dcrmmss</subfield><subfield code='c'>HRH</subfield></datafield><datafield ind1=' ' ind2=' ' tag='041'><subfield code='a'>eng</subfield><subfield code='a'>gre</subfield><subfield code='a'>heb</subfield><subfield code='a'>lat</subfield></datafield><datafield ind1=' ' ind2=' ' tag='049'><subfield code='a'>HRHH</subfield></datafield><datafield ind1=' ' ind2='9' tag='099'><subfield code='a'>MS 3327, Container 80</subfield></datafield><datafield ind1='0' ind2='0' tag='245'><subfield code='a'>Miscellany of theological material concerning biblical translation, liturgical matters, laws of the land, and commentary on the Anglican/Catholic divide :</subfield><subfield code='k'>manuscript.</subfield></datafield><datafield ind1=' ' ind2='0' tag='264'><subfield code='a'>England ;</subfield><subfield code='c'>1646 or later</subfield></datafield><datafield ind1=' ' ind2=' ' tag='300'><subfield code='a'>77 leaves :</subfield><subfield code='b'>paper,</subfield><subfield code='c'>20 x 15 cm</subfield></datafield><datafield ind1=' ' ind2=' ' tag='336'><subfield code='a'>text</subfield><subfield code='b'>txt</subfield><subfield code='2'>rdacontent</subfield></datafield><datafield ind1=' ' ind2=' ' tag='337'><subfield code='a'>unmediated</subfield><subfield code='b'>n</subfield><subfield code='2'>rdamedia</subfield></datafield><datafield ind1=' ' ind2=' ' tag='338'><subfield code='a'>volume</subfield><subfield code='b'>nc</subfield><subfield code='2'>rdacarrier</subfield></datafield><datafield ind1=' ' ind2=' ' tag='500'><subfield code='a'>Title devised by cataloger.</subfield></datafield><datafield ind1=' ' ind2=' ' tag='506'><subfield code='a'>Unrestricted, for either reading room or classroom use.</subfield></datafield><datafield ind1=' ' ind2=' ' tag='520'><subfield code='a'>Includes an extract from The motives of the conversion of Thomas Vane to the Catholic faith, published by Vane as A Lost Sheep Returned Home (Paris, 1646).</subfield></datafield><datafield ind1=' ' ind2=' ' tag='590'><subfield code='a'>MS 3327, Container 80: frequent blurring of iron-gall ink, possibly resulting from a chemical reaction. Binding: Full red cloth case binding, paper boards. Straight caps, smooth spine, natural hollow, edges cut before sewing. Blind-tooled two-line fillets parallel to spine and across corners (as for half cover) front and back covers; title gold-tooled on spine, two gold-tooled lines across spine at head and tail. No endbands. Sewn on three tapes adhered to inside of covers over spine lining extensions (mull and paper). Endleaf components: front tipped fold off-white machine-made paper making pastedown, free endleaf; back same. (20th c)</subfield></datafield><datafield ind1=' ' ind2='7' tag='655'><subfield code='a'>Commonplace books.</subfield><subfield code='2'>rbgenr</subfield></datafield><datafield ind1=' ' ind2='7' tag='655'><subfield code='a'>Miscellanies.</subfield><subfield code='2'>aat</subfield></datafield><datafield ind1='2' ind2=' ' tag='791'><subfield code='a'>Medieval and Early Modern Manuscripts Collection.</subfield></datafield><datafield ind1=' ' ind2=' ' tag='752'><subfield code='a'>England,</subfield><subfield code='e'>producation place.</subfield></datafield><datafield ind1=' ' ind2=' ' tag='994'><subfield code='a'>C0</subfield><subfield code='b'>HRH</subfield></datafield></record>
